<?xml version="1.0" encoding="utf-8"?>
<record xmlns="http://www.loc.gov/MARC21/slim" xmlns:xsi="http://www.w3.org/2001/XMLSchema-instance" xsi:schemaLocation="http://www.loc.gov/MARC21/slim http://www.loc.gov/standards/marcxml/schema/MARC21slim.xsd">
	<leader>     nam a22        4500</leader>
	<controlfield tag="001">3063272</controlfield>
	<controlfield tag="003">NNC</controlfield>
	<controlfield tag="006">m        d        </controlfield>
	<controlfield tag="007">cr cn |||m|||a</controlfield>
	<controlfield tag="008">171105s1954    ua      o     000 0 ara d</controlfield>
	<datafield ind1=" " ind2=" " tag="040">
		<subfield code="a">NNU</subfield>
		<subfield code="b">eng</subfield>
		<subfield code="e">rda</subfield>
		<subfield code="c">NNU</subfield>
	</datafield>
	<datafield ind1=" " ind2=" " tag="066">
		<subfield code="c">(3</subfield>
	</datafield>
	<datafield ind1=" " ind2="4" tag="050">
		<subfield code="a">KBP295</subfield>
		<subfield code="b">.A76 1954</subfield>
	</datafield>
	<datafield ind1="1" ind2=" " tag="100">
		<subfield code="6">880-01</subfield>
		<subfield code="a">Shaybānī, Muḥammad ibn al-Ḥasan,</subfield>
		<subfield code="d">approximately 750-804 or 805.</subfield>
	</datafield>
	<datafield ind1="1" ind2="3" tag="245">
		<subfield code="6">880-02</subfield>
		<subfield code="a">al-Aṣl /</subfield>
		<subfield code="c">li-Muḥammad ibn al-Ḥasan al-Shaybānī ; ḥaqqaqahu wa-ʻallaqa ʻalayh Shafīq Shiḥātah.</subfield>
	</datafield>
	<datafield ind1=" " ind2=" " tag="260">
		<subfield code="6">880-03</subfield>
		<subfield code="a">al-Qāhirah :</subfield>
		<subfield code="b">Maṭbaʻat Jāmiʻat-al-Qāhirah,</subfield>
		<subfield code="c">1954.</subfield>
	</datafield>
	<datafield ind1=" " ind2=" " tag="300">
		<subfield code="a">online resource (volumes)</subfield>
	</datafield>
	<datafield ind1=" " ind2=" " tag="336">
		<subfield code="a">text</subfield>
		<subfield code="2">rdacontent</subfield>
	</datafield>
	<datafield ind1=" " ind2=" " tag="337">
		<subfield code="a">computer</subfield>
		<subfield code="2">rdamedia</subfield>
	</datafield>
	<datafield ind1=" " ind2=" " tag="338">
		<subfield code="a">online resource</subfield>
		<subfield code="2">rdacarrier</subfield>
	</datafield>
	<datafield ind1=" " ind2=" " tag="500">
		<subfield code="a">Also known as Kitāb al-mabsūṭ [The book of the contented].</subfield>
	</datafield>
	<datafield ind1=" " ind2=" " tag="500">
		<subfield code="a">Interpretation, according to religious laws of the Hanifite sect, of the &quot;buyūʻ&quot; (all processes of exchange involving money)--and the &quot;salam&quot; (paying accretion in advance, to avoid interest which is forbidden in the Koran).</subfield>
	</datafield>
	<datafield ind1=" " ind2=" " tag="500">
		<subfield code="a">Part of the Arabic Collections Online (ACO) project, contributed by Columbia University Libraries.</subfield>
	</datafield>
	<datafield ind1="1" ind2=" " tag="505">
		<subfield code="a">V. 1. (al-qism al-awwal) Kitāb al-biyūʻ, pt. 1. (al-juzʼ al-awwal) al-nuṣūṣ</subfield>
	</datafield>
	<datafield ind1=" " ind2=" " tag="533">
		<subfield code="a">Electronic reproduction.</subfield>
		<subfield code="b">New York, N.Y. :</subfield>
		<subfield code="c">New York University,</subfield>
		<subfield code="d">2017.</subfield>
		<subfield code="5">NNU</subfield>
	</datafield>
	<datafield ind1=" " ind2="0" tag="650">
		<subfield code="a">Islamic law.</subfield>
	</datafield>
	<datafield ind1=" " ind2="0" tag="650">
		<subfield code="a">Hanafites.</subfield>
	</datafield>
	<datafield ind1=" " ind2="7" tag="650">
		<subfield code="a">Hanafites.</subfield>
		<subfield code="2">fast</subfield>
		<subfield code="0">(OCoLC)fst00950818</subfield>
	</datafield>
	<datafield ind1=" " ind2="7" tag="650">
		<subfield code="a">Islamic law.</subfield>
		<subfield code="2">fast</subfield>
		<subfield code="0">(OCoLC)fst00979949</subfield>
	</datafield>
	<datafield ind1="1" ind2=" " tag="700">
		<subfield code="a">Shiḥātah, Shafīq.</subfield>
	</datafield>
	<datafield ind1="2" ind2=" " tag="710">
		<subfield code="a">Columbia University.</subfield>
		<subfield code="b">Libraries.</subfield>
	</datafield>
	<datafield ind1="0" ind2=" " tag="730">
		<subfield code="a">Arabic Collections Online.</subfield>
	</datafield>
	<datafield ind1="0" ind2="8" tag="776">
		<subfield code="i">Print version:</subfield>
		<subfield code="a">Shaybānī, Muḥammad ibn al-Ḥasan, approximately 750-804 or 805.</subfield>
		<subfield code="t">al-Aṣl</subfield>
		<subfield code="w">(NNC)3063272</subfield>
		<subfield code="w">(OCoLC)29403926</subfield>
	</datafield>
	<datafield ind1="4" ind2="0" tag="856">
		<subfield code="u">http://hdl.handle.net/2333.1/nzs7h9d8</subfield>
	</datafield>
	<datafield ind1="1" ind2=" " tag="880">
		<subfield code="6">100-01/(3/r</subfield>
		<subfield code="a">شيباني، محمد بن الحسن،,</subfield>
		<subfield code="d">. 750-804 أو 5.</subfield>
	</datafield>
	<datafield ind1="1" ind2="2" tag="880">
		<subfield code="6">245-02/(3/r</subfield>
		<subfield code="a">الاصل /</subfield>
		<subfield code="c">لمحمد بن الحسن الشيباني ؛ حققه وعلق عليه شفيق شحاتة.</subfield>
	</datafield>
	<datafield ind1=" " ind2=" " tag="880">
		<subfield code="6">260-03/(3/r</subfield>
		<subfield code="a">القاهرة :</subfield>
		<subfield code="b">مطبعة جامعة القاهرة،</subfield>
		<subfield code="c">1954.</subfield>
	</datafield>
	<datafield ind1=" " ind2=" " tag="959">
		<subfield code="a">NNU</subfield>
		<subfield code="b">WEB</subfield>
		<subfield code="c">GENI</subfield>
		<subfield code="t">0</subfield>
		<subfield code="m">Electronic access</subfield>
		<subfield code="s">01</subfield>
	</datafield>
	<datafield ind1=" " ind2=" " tag="999">
		<subfield code="i">NNC_3063272</subfield>
		<subfield code="o">(OCoLC)ocm29403926</subfield>
		<subfield code="s">columbia_aco002595:v.1</subfield>
		<subfield code="e">(ERROR-880)</subfield>
	</datafield>
</record>
